@manual{rastMalihSatelita,
  url = {https://sa.catapult.org.uk/wp-content/uploads/2021/04/Q1-2021_Small_Sat_Report.pdf}
}

@manual{hrvatskiVojnik,
  url = {https://hrvatski-vojnik.hr/satelitska-mikrorevolucija/}
}

@manual{podjelaPremaMasi,
  url = {https://www.scirp.org/journal/paperinformation.aspx?paperid=96030}
}

@manual{sattelitePayload,
  url = {https://info.alen.space/cubesat-payloads-what-can-you-put-in-a-small-satellite}
}

@manual{fersat,
  url = {https://www.fer.unizg.hr/zkist/FERSAT/projekt}
}
